[gd_scene load_steps=8 format=2]

[ext_resource path="res://npc/animal/Animal.gd" type="Script" id=1]
[ext_resource path="res://npc/animal/6456_Vache.png" type="Texture" id=2]
[ext_resource path="res://npc/animal/AnimAnimal.tres" type="Animation" id=3]

[sub_resource type="CircleShape2D" id=1]

[sub_resource type="Animation" id=2]
resource_name = "forward"
tracks/0/type = "value"
tracks/0/path = NodePath("Sprite:frame")
tracks/0/interp = 1
tracks/0/loop_wrap = true
tracks/0/imported = false
tracks/0/enabled = true
tracks/0/keys = {
"times": PoolRealArray( 0, 0.3, 0.6, 1 ),
"transitions": PoolRealArray( 1, 1, 1, 1 ),
"update": 1,
"values": [ 0, 1, 2, 3 ]
}

[sub_resource type="Animation" id=3]
resource_name = "left"
tracks/0/type = "value"
tracks/0/path = NodePath("Sprite:frame")
tracks/0/interp = 1
tracks/0/loop_wrap = true
tracks/0/imported = false
tracks/0/enabled = true
tracks/0/keys = {
"times": PoolRealArray( 0, 0.3, 0.7, 1 ),
"transitions": PoolRealArray( 1, 1, 1, 1 ),
"update": 1,
"values": [ 4, 5, 6, 7 ]
}

[sub_resource type="Animation" id=4]
resource_name = "right"
tracks/0/type = "value"
tracks/0/path = NodePath("Sprite:frame")
tracks/0/interp = 1
tracks/0/loop_wrap = true
tracks/0/imported = false
tracks/0/enabled = true
tracks/0/keys = {
"times": PoolRealArray( 0, 0.4, 0.7, 1 ),
"transitions": PoolRealArray( 1, 1, 1, 1 ),
"update": 1,
"values": [ 8, 9, 10, 11 ]
}

[node name="Animal" type="KinematicBody2D"]
script = ExtResource( 1 )

[node name="Sprite" type="Sprite" parent="."]
texture = ExtResource( 2 )
vframes = 4
hframes = 4
frame = 15

[node name="CollisionShape2D" type="CollisionShape2D" parent="."]
shape = SubResource( 1 )
disabled = true

[node name="AnimationPlayer" type="AnimationPlayer" parent="."]
anims/back = ExtResource( 3 )
anims/forward = SubResource( 2 )
anims/left = SubResource( 3 )
anims/right = SubResource( 4 )

[node name="Path" type="Node2D" parent="."]

[node name="Position2D" type="Position2D" parent="Path"]
position = Vector2( 37.4505, -23.0726 )

[node name="Position2D2" type="Position2D" parent="Path"]
position = Vector2( 85.7305, -40.7083 )

[node name="Position2D3" type="Position2D" parent="Path"]
position = Vector2( 106.411, -3.53873 )

[node name="Position2D4" type="Position2D" parent="Path"]
position = Vector2( 100.038, 52.6809 )

[node name="Position2D5" type="Position2D" parent="Path"]
position = Vector2( 51.0893, 69.3517 )

[node name="Position2D6" type="Position2D" parent="Path"]
position = Vector2( -25.026, 47.2744 )
